@article{STAMP2004,
author = {Mark Stamp},
year = {2004},
month = {01},
pages = {1-20},
title = {A revealing introduction to hidden markov models},
journal = {Science}
}

@book{GAGNIUC2017,
author = {Gagniuc, Paul},
year = {2017},
month = {05},
pages = {},
title = {Markov Chains: From Theory to Implementation and Experimentation},
isbn = {978-1-119-38755-8},
doi = {10.1002/9781119387596}
}

﻿@Article{Mor2021,
author={Bhavya Mor and Sunita Garhwal and Ajay Kumar},
title={A Systematic Review of Hidden Markov Models and Their Applications},
journal={Archives of Computational Methods in Engineering},
year={2021},
month={May},
day={01},
volume={28},
number={3},
pages={1429-1448},
issn={1886-1784},
doi={10.1007/s11831-020-09422-4},
url={https://doi.org/10.1007/s11831-020-09422-4}
}

@misc{source-repository,
    title="Simulation Code of Reverse-Engineering Hidden Markov Models",
    author="Ian Matsunaga and Mufaro Machaya",
    howpublished="\url{https://github.com/nickelulz/sci1-term-2/releases/tag/final}",
    year=2025,
    note = {Accessed March 14, 2025}
}


@inbook{MARKOVTEXTBOOK,
publisher = {John Wiley \& Sons, Ltd},
isbn = {9781119387596},
title = {Introduction},
booktitle = {Markov Chains: From Theory to Implementation and Experimentation},
author = {Paul A. Gagniuc},
chapter = {1},
pages = {12-14},
doi = {https://doi.org/10.1002/9781119387596.ch4},
url = {https://onlinelibrary.wiley.com/doi/abs/10.1002/9781119387596.ch4},
eprint = {https://onlinelibrary.wiley.com/doi/pdf/10.1002/9781119387596.ch4},
year = {2017},
}

@incollection{tribello_law_2025,
  title     = {Law of Large Numbers for Markov Chains},
  author    = {Gianluca Tribello},
  booktitle = {Mathematical Methods for Network and Data Science},
  chapter   = {14},
  url       = {https://gtribello.github.io/mathNET/resources/jim-chap14.pdf},
  note      = {Accessed March 2, 2025}
}

@misc{hmmlearn,
  author = {Michał Korycki and contributors},
  title = {hmmlearn Documentation},
  year = {2025},
  url = {https://hmmlearn.readthedocs.io/en/latest/api.html},
  note = {Accessed March 9, 2025}
}

@misc{govcan_ubc_1995,
  author    = {{Government of Canada}},
  title     = {{Daily Climate Data for UBC, BC (June 14, 1995)}},
  year      = {2025},
  note      = {Retrieved March 15, 2025},
  url       = {https://climate.weather.gc.ca/climate_data/daily_data_e.html?StationID=903&Year=1995&Month=6&Day=14}
}

@misc{govcan_richmond_1993,
  author    = {{Government of Canada}},
  title     = {{Daily Climate Data for Richmond, BC (April 14, 1993)}},
  year      = {2025},
  note      = {Retrieved March 15, 2025},
  url       = {https://climate.weather.gc.ca/climate_data/daily_data_e.html?timeframe=2&Year=1993&Month=4&Day=14&hlyRange=%7C&dlyRange=1986-04-01%7C1993-04-30&mlyRange=1986-01-01%7C1993-12-01&StationID=852&Prov=BC&urlExtension=_e.html&searchType=stnName&optLimit=yearRange&StartYear=1840&EndYear=2025&selRowPerPage=25&Line=6&searchMethod=contains&txtStationName=richmond}
}

@misc{ghoshsaibal_mpox_2025,
  author    = {Ghosh, Saibal},
  title     = {Monkeypox Virus Dataset (Country-wise Data)},
  year      = {2025},
  note      = {Retrieved March 15, 2025},
  url       = {https://www.kaggle.com/datasets/ghoshsaibal/monkey-pox-virus-dataset-country-wise-data/data}
}

@misc{imdevskp_covid19_2025,
  author    = {K. P. Devakumar},
  title     = {Coronavirus (COVID-19) Dataset},
  year      = {2025},
  note      = {Retrieved March 18, 2025},
  url       = {https://www.kaggle.com/datasets/imdevskp/corona-virus-report?resource=download&select=day_wise.csv}
}

@misc{weather-markov-source,
  author    = {Ivan Palomares Carrascosa},
  title     = {Markov Chains Demystified: From Weather Predictions to Google’s PageRank},
  year      = {2024},
  note      = {Retrieved March 22, 2025},
  url       = {https://www.statology.org/markov-chains-demystified-from-weather-predictions-to-googles-pagerank/}
}